@article{Goryczka2017,
    title = {{A Comprehensive Comparison of Multiparty Secure Additions with Differential Privacy}},
    year = {2017},
    journal = {IEEE Transactions on Dependable and Secure Computing},
    author = {Goryczka, Slawomir and Xiong, Li},
    number = {5},
    pages = {463--477},
    volume = {14},
    doi = {10.1109/TDSC.2015.2484326},
    issn = {15455971},
    keywords = {Distributed differential privacy, decentralized noise generation, redundant noise, secure multiparty computations}
}

@inproceedings{Baskar2009,
    title = {{A Dolev-Yao model for zero knowledge}},
    year = {2009},
    booktitle = {Lecture Notes in Computer Science (including subseries Lecture Notes in Artificial Intelligence and Lecture Notes in Bioinformatics)},
    author = {Baskar, Anguraj and Ramanujam, R. and Suresh, S. P.},
    pages = {137--146},
    volume = {5913 LNCS},
    isbn = {3642106218},
    doi = {10.1007/978-3-642-10622-4{\_}11},
    issn = {03029743}
}

@inproceedings{5GAKA,
    title = {{A Formal Analysis of 5G Authentication}},
    year = {2018},
    booktitle = {Proceedings of the 2018 ACM SIGSAC Conference on Computer and Communications Security},
    author = {Basin, David and Dreier, Jannik and Hirschi, Lucca and Radomirovi{\'{c}}, Saša and Sasse, Ralf and Stettler, Vincent},
    publisher = {ACM},
    url = {https://arxiv.org/pdf/1806.10360.pdf},
    arxivId = {1806.10360v2},
    keywords = {5G standard, AKA protocol, authentication protocols, formal analysis, symbolic verification}
}

@inproceedings{Hines2017,
    title = {{A framework for post-stroke quality of life prediction using structured prediction}},
    year = {2017},
    booktitle = {2017 Ninth International Conference on Quality of Multimedia Experience (QoMEX)},
    author = {Hines, Andrew and Kelleher, John D.},
    month = {5},
    pages = {1--6},
    publisher = {IEEE},
    url = {http://ieeexplore.ieee.org/document/7965672/},
    isbn = {978-1-5386-4024-1},
    doi = {10.1109/QoMEX.2017.7965672}
}

@inproceedings{LOWE97Hier,
    title = {{A hierarchy of authentication specifications}},
    year = {1907},
    booktitle = {Computer security foundations workshop},
    author = {Lowe, Gavin},
    pages = {31--43},
    publisher = {IEEE}
}

@article{Bur89,
    title = {{A logic of authentication}},
    year = {1989},
    journal = {Proceedings of the Royal Society of London},
    author = {Burrows, Michael and Abadi, Martin and Needham, Roger},
    number = {426},
    pages = {233--271},
    volume = {A},
    url = {https://royalsocietypublishing.org/doi/pdf/10.1098/rspa.1989.0125 http://portal.acm.org/citation.cfm?doid=77648.77649},
    isbn = {0897914392},
    doi = {10.1145/77648.77649},
    issn = {07342071},
    pmid = {14249030}
}

@article{Alhanahnah2016,
    title = {{A Multidimension Taxonomy of Insider Threats in Cloud Computing}},
    year = {2016},
    journal = {The Computer Journal},
    author = {Alhanahnah, Mohannad J. and Jhumka, Arshad and Alouneh, Sahel},
    number = {11},
    month = {11},
    pages = {1612--1622},
    volume = {59},
    publisher = {Springer, Berlin Heidelberg},
    url = {https://academic.oup.com/comjnl/article-lookup/doi/10.1093/comjnl/bxw020},
    doi = {10.1093/comjnl/bxw020},
    issn = {0010-4620}
}

@article{Codd1970,
    title = {{A relational model of data for large shared data banks}},
    year = {1970},
    journal = {Communications of the ACM},
    author = {Codd, Edgar F},
    number = {6},
    pages = {377--387},
    volume = {13},
    publisher = {ACM}
}

@inproceedings{Syverson94,
    title = {{A taxonomy of replay attacks [cryptographic protocols]}},
    year = {1994},
    booktitle = {Computer Security Foundations Workshop VII, 1994. CSFW 7. Proceedings},
    author = {Syverson, P.},
    publisher = {IEEE},
    url = {https://www.computer.org/csdl/proceedings/csfw/1994/6230/00/00315935.pdf http://ieeexplore.ieee.org/document/315935/},
    isbn = {0-8186-6230-1},
    doi = {10.1109/CSFW.1994.315935},
    issn = {0016-7037}
}

@inproceedings{Halevi2003,
    title = {{A tweakable enciphering mode}},
    year = {2003},
    booktitle = {Annual International Cryptology Conference},
    author = {Halevi, Shai and Rogaway, Phillip},
    pages = {482--499}
}

@article{Ismal2012,
    title = {{Access Pattern disclosure on Searchable Encryption: Ramification, Attack and Mitigation}},
    year = {2012},
    journal = {NDSS},
    author = {Islam, Mohammad Saiful and Kuzu, Mehmet and Kantarcioglu, Murat},
    pages = {12},
    volume = {20},
    url = {https://pdfs.semanticscholar.org/9614/87973d4b33f96406fddbfcf1235dc587571f.pdf}
}

@book{ANSIX942,
    title = {{Agreement of Symmetric Keys Using Discrete Logarithm Cryptography}},
    year = {2003},
    author = {{ANSI X9.42}},
    publisher = {American National Standards Institute}
}

@article{PeterS.Gemmell1992,
    title = {{An Introduction to Threshold Cryptography}},
    year = {1992},
    journal = {RSA Laboratories CryptoBytes},
    author = {{Peter S. Gemmell}},
    number = {3},
    pages = {7--12},
    volume = {2},
    url = {http://webcache.googleusercontent.com/search?q=cache:hjPZvO_7xw8J:ftp://ftp.arnes.si/packages/crypto-tools/rsa.com/rsalabs/cryptobytes/crypto2n3.pdf.gz+&cd=1&hl=en&ct=clnk&gl=ie}
}

@inproceedings{Canetti2001AnalysisChannels,
    title = {{Analysis of Key-Exchange Protocols and Their Use for Building Secure Channels}},
    year = {2001},
    booktitle = {Advances in Cryptology — EUROCRYPT 2001},
    author = {Canetti, Ran and Krawczyk, Hugo},
    pages = {453--474}
}

@inproceedings{ARPKICCS14,
    title = {{ARPKI: Attack Resilient Public-Key Infrastructure}},
    year = {2014},
    booktitle = {Proceedings of the 2014 ACM SIGSAC Conference on Computer and Communications Security - CCS '14},
    author = {Basin, David and Cremers, Cas and Kim, Tiffany Hyun-Jin and Perrig, Adrian and Sasse, Ralf and Szalachowski, Pawel},
    url = {https://netsec.ethz.ch/publications/papers/ccsfp200s-cremersA.pdf},
    isbn = {9781450329576},
    doi = {10.1145/2660267.2660298},
    issn = {15437221}
}

@article{Poddar2016,
    title = {{Arx: A Strongly Encrypted Database System}},
    year = {2016},
    journal = {IACR Cryptology ePrint Archive 2016},
    author = {Poddar, Rishabh and Raluca, Tobias Boelter and Popa, Ada},
    url = {https://eprint.iacr.org/2016/591.pdf}
}

@article{ScottAuthenticatedNumber,
    title = {{Authenticated ID-based Key Exchange and remote log-in with simple token and PIN number}},
    year = {2002},
    journal = {IACR Cryptology ePrint Archive},
    author = {Scott, Michael},
    pages = {164},
    volume = {2002},
    keywords = {authenticated key exchange, pairing-based cryptosystems}
}

@article{Moran2014,
    title = {{Automated Analysis of Voting Systems with Dolev-Yao Intruder Model}},
    year = {2014},
    journal = {Electronic Communications of the EASST},
    author = {Moran, Murat and Heather, James},
    number = {0},
    volume = {66},
    doi = {10.14279/TUJ.ECEASST.66.883},
    issn = {1863-2122}
}

@article{ObsEqvCCS15,
    title = {{Automated Symbolic Proofs of Observational Equivalence}},
    year = {2015},
    journal = {Proceedings of the 22nd ACM SIGSAC Conference on Computer and Communications Security},
    author = {Basin, David and Dreier, Jannik and Sasse, Ralf},
    pages = {1144--1155},
    url = {https://hal.archives-ouvertes.fr/hal-01337409v2 http://dl.acm.org/citation.cfm?id=2810103.2813662},
    isbn = {9781450338325},
    doi = {10.1145/2810103.2813662},
    issn = {15437221},
    keywords = {observational equivalence, protocol verification, symbolic model}
}

@article{18XOR,
    title = {{Automated Unbounded Verification of Stateful Cryptographic Protocols with Exclusive OR}},
    year = {2018},
    author = {Dreier, Jannik and Hirschi, Lucca and Radomirovic, Sasa and Sasse, Ralf and Radomirovi, Saša},
    url = {https://hal.archives-ouvertes.fr/hal-01780603},
    isbn = {978-1-5386-6680-7},
    doi = {10.1109/CSF.2018.00033}
}

@article{AutomatedObsEqv18,
    title = {{Automated verification of selected equivalences for security protocols}},
    year = {2008},
    journal = {Journal of Logic and Algebraic Programming},
    author = {Blanchet, Bruno and Abadi, Martín and Fournet, Cédric},
    number = {1},
    pages = {3--51},
    volume = {75},
    url = {www.sciencedirect.comwww.elsevier.com/locate/jlap},
    isbn = {0-7695-2266-1},
    doi = {10.1016/j.jlap.2007.06.002},
    issn = {15678326},
    arxivId = {0802.3444}
}

@inproceedings{Elnaffar2002,
    title = {{Automatically classifying database workloads}},
    year = {2002},
    booktitle = {Proceedings of the eleventh international conference on Information and knowledge management},
    author = {Elnaffar, Said and Martin, Pat and Horman, Randy},
    pages = {622--624}
}

@misc{Skiba2015,
    title = {{Bachelor Thesis Analysis of Encrypted Databases with CryptDB}},
    year = {2015},
    author = {Skiba, Michael and Mainka, M Sc Christian and Mladenov, Dipl-Ing Vladislav and Schwenk, Jörg}
}

@inproceedings{Kruger2014,
    title = {{Benchmarking Internet of things devices}},
    year = {2014},
    booktitle = {2014 12th IEEE International Conference on Industrial Informatics (INDIN)},
    author = {Kruger, C. P. and Hancke, G. P.},
    month = {7},
    pages = {611--616},
    publisher = {IEEE},
    url = {http://ieeexplore.ieee.org/document/6945583/},
    isbn = {978-1-4799-4905-2},
    doi = {10.1109/INDIN.2014.6945583}
}

@inproceedings{Ponikwar2016,
    title = {{Beyond the Dolev-Yao Model: Realistic Application-Specific Attacker Models for Applications Using Vehicular Communication}},
    year = {2016},
    booktitle = {The Tenth International Conference on Emerging Security Information, Systems and Technologies (SECURWARE 2016)},
    author = {Ponikwar, Christoph and Hof, Hans-Joachim and Gopinath, Smriti and Wischhof, Lars},
    url = {http://arxiv.org/abs/1607.08277},
    arxivId = {1607.08277}
}

@inproceedings{Grubbs2016,
    title = {{Breaking Web Applications Built On Top of Encrypted Data}},
    year = {2016},
    booktitle = {Proceedings of the 2016 ACM SIGSAC Conference on Computer and Communications Security.},
    author = {McPherson, Richard and Ristenpart, Thomas and Shmatikov, Vitaly and Grubbs, Paul and Naveed, Muhammad},
    pages = {1353--1364},
    publisher = {ACM},
    url = {http://eprint.iacr.org/2016/920.pdf},
    doi = {10.1145/2976749.2978351}
}

@article{Fanti2016,
    title = {{Building a RAPPOR with the Unknown: Privacy-Preserving Learning of Associations and Data Dictionaries}},
    year = {2016},
    journal = {Proceedings on Privacy Enhancing Technologies},
    author = {Fanti, Giulia and Pihur, Vasyl and Erlingsson, Úlfar},
    number = {3},
    month = {1},
    pages = {41--61},
    volume = {2016},
    publisher = {De Gruyter Open},
    url = {https://www.degruyter.com/view/j/popets.2016.2016.issue-3/popets-2016-0015/popets-2016-0015.xml},
    doi = {10.1515/popets-2016-0015},
    issn = {2299-0984},
    keywords = {differential privacy, preserving analytics, privacy}
}

@phdthesis{Popa2014,
    title = {{Building practical systems that compute on encrypted data}},
    year = {2014},
    author = {Popa, Raluca Ada},
    url = {https://pdfs.semanticscholar.org/ca37/2403abc7208bde47e6aa8c4338685a9f5c68.pdf},
    school = {Massachusetts Institute of Technology}
}

@misc{Arciszewski,
    title = {{Building Searchable Encrypted Databases with PHP and SQL - Paragon Initiative Enterprises Blog}},
    author = {Arciszewski, Scott},
    url = {https://paragonie.com/blog/2017/05/building-searchable-encrypted-databases-with-php-and-sql}
}

@article{Dwork2006a,
    title = {{Calibrating Noise to Sensitivity in Private Data Analysis}},
    year = {2006},
    journal = {Theory of Cryptography. TCC 2006.},
    author = {Dwork, Cynthia and McSherry, Frank and Nissim, Kobbi and Smith, Adam},
    number = {8},
    pages = {265--284},
    volume = {3876},
    url = {http://link.springer.com/10.1007/11681878_14},
    isbn = {3-540-32731-2},
    doi = {10.1007/11681878{\_}14},
    issn = {1520-6017},
    pmid = {21455981},
    arxivId = {arXiv:1203.3453v5}
}

@article{Du1997,
    title = {{Categorization of Software Errors that led to Security Breaches}},
    year = {1997},
    author = {Du, Wenliang and Mathur, Aditya P},
    url = {ftp://ftp.sdsc.edu/pub/mirrors/coast.cs.purdue.edu/pub/COAST/papers/aditya-mathur/du-mathur-categorization.pdf}
}

@article{CACollapse,
    title = {{Certificate Authority Collapse: Regulating Systemic Vulnerabilities in the HTTPS Value Chain}},
    year = {2012},
    journal = {SSRN},
    author = {Arnbak, Axel and van Eijk, N.A.N.M.},
    url = {http://ssrn.com/abstract=2031409http://www.ivir.nl/staff/overview.html.Commentsaregratefullyreceivedata.m.arnbak@uva.nl},
    doi = {10.2139/ssrn.2031409},
    issn = {1556-5068},
    keywords = {Constitutional Values, Cybersecurity, E-Commerce, HTTPS, Internet Governance, Security Economics, Value Chain Analysis, eSignatures Regulation}
}

@article{Martin2008,
    title = {{Challenging the adversary model in secret sharing schemes}},
    year = {2008},
    journal = {Coding and Cryptography II, Proceedings of the Royal {\ldots}},
    author = {Martin, Km},
    pages = {1--19}
}

@inproceedings{Saavedra1993,
    title = {{Characterizing the performance space of shared memory computers using Micro-Benchmarks}},
    year = {1993},
    booktitle = {Proceedings of Hot Interconnects},
    author = {Saavedra, Rafael H and Gaines, R Stockton and Carlton, Micheal J},
    pages = {1--3},
    volume = {3}
}

@article{Pavlovic2014,
    title = {{Chasing diagrams in cryptography}},
    year = {2014},
    author = {Pavlovic, Dusko},
    month = {1},
    url = {http://arxiv.org/abs/1401.6488},
    arxivId = {1401.6488}
}

@article{Peng2005,
    title = {{Ciphertext Comparison, a New Solution to the Millionaire Problem}},
    year = {2005},
    author = {Peng, Kun and Gonzalez Nieto, Juanma and Dawson, Ed},
    url = {http://www.isi.qut.edu.au},
    keywords = {ciphertext comparison, efficiency, the millionaire problem}
}

@article{Liu2012,
    title = {{Cloud-enabled privacy-preserving collaborative learning for mobile sensing}},
    year = {2012},
    journal = {Proceedings of the 10th ACM Conference on Embedded Network Sensor Systems - SenSys '12},
    author = {Liu, Bin and Jiang, Yurong and Sha, Fei and Govindan, Ramesh},
    pages = {57},
    url = {http://dl.acm.org/citation.cfm?doid=2426656.2426663},
    isbn = {9781450311694},
    doi = {10.1145/2426656.2426663},
    keywords = {any opinions, cns-0121778, findings and, founda-, mobile sensing, privacy, sponsored by national science, support vector machines, this research was partially, tion grant cns-1048824 and}
}

@inproceedings{Chatterjee2010CombinedProtocols,
    title = {{Combined security analysis of the one- and three-pass unified model key agreement protocols}},
    year = {2010},
    booktitle = {Lecture Notes in Computer Science (including subseries Lecture Notes in Artificial Intelligence and Lecture Notes in Bioinformatics)},
    author = {Chatterjee, Sanjit and Menezes, Alfred and Ustaoglu, Berkant},
    isbn = {3642174000},
    doi = {10.1007/978-3-642-17401-8{\_}5},
    issn = {03029743}
}

@book{Parker1981,
    title = {{Computer Security Management}},
    year = {1981},
    author = {Parker, DB},
    pages = {308},
    publisher = {Reston Pub. Co},
    isbn = {0-8359-0905-0}
}

@phdthesis{Keller2014,
    title = {{Converting Alice{\&}amp;Bob Protocol Specifications to Tamarin}},
    year = {2014},
    author = {Keller, Michel},
    url = {https://www.ethz.ch/content/dam/ethz/special-interest/infk/inst-infsec/information-security-group-dam/research/software/thesis_keller_alicebob.pdf}
}

@phdthesis{Saavedra-Barrera1992,
    title = {{CPU performance evaluation and execution time prediction using narrow spectrum benchmarking}},
    year = {1992},
    author = {Saavedra-Barrera, Rafael Hector},
    school = {University of California, Berkeley}
}

@misc{Popa2013,
    title = {{CryptDB - GitHub Repository}},
    year = {2013},
    author = {Popa, Raluca Ada},
    url = {https://github.com/CryptDB/cryptdb}
}

@inproceedings{Popa2011,
    title = {{CryptDB: protecting confidentiality with encrypted query processing}},
    year = {2011},
    booktitle = {Proceedings of the Twenty-Third ACM Symposium on Operating Systems Principles},
    author = {Popa, Raluca Ada and Redfield, Catherine and Zeldovich, Nickolai and Balakrishnan, Hari},
    pages = {85--100},
    url = {https://people.csail.mit.edu/nickolai/papers/popa-cryptdb.pdf}
}

@article{Sandkkaya2015,
    title = {{Design and formal verification of a cloud compliant secure logging mechanism}},
    year = {2015},
    journal = {IET Information Security},
    author = {Sandkkaya, Mehmet Tahir and Ovatman, Tolga and Harmanc, Ali Emre},
    publisher = {IET}
}

@article{Bellare2007,
    title = {{Deterministic and Efficiently Searchable Encryption}},
    year = {2007},
    journal = {Proceedings of the International Cryptology Conference on Advances in Cryptology (CRYPTO)},
    author = {Bellare, Mihir and Boldyreva, Alexandra and O’Neill, Adam},
    pages = {535--552},
    volume = {4622},
    publisher = {Springer},
    url = {http://www.springerlink.com/content/18256529p5211276},
    isbn = {978-3-540-74142-8},
    doi = {10.1007/978-3-540-74143-5{\_}30},
    issn = {03029743},
    keywords = {database se-, deterministic encryption, public-key encryption, searchable encryption}
}

@article{Rastogi2010,
    title = {{Differentially private aggregation of distributed time-series with transformation and encryption}},
    year = {2010},
    journal = {Proceedings of the 2010 international conference on Management of data - SIGMOD '10},
    author = {Rastogi, Vibhor and Nath, Suman},
    pages = {735},
    url = {http://portal.acm.org/citation.cfm?doid=1807167.1807247},
    isbn = {9781450300322},
    doi = {10.1145/1807167.1807247},
    issn = {07308078},
    keywords = {distributed noise addition, output perturba-, participatory data mining, private data analysis, time-series data, tion}
}

@article{Chan2012,
    title = {{Differentially private continual monitoring of heavy hitters from distributed streams}},
    year = {2012},
    journal = {Lecture Notes in Computer Science (including subseries Lecture Notes in Artificial Intelligence and Lecture Notes in Bioinformatics)},
    author = {Chan, T. H.Hubert and Li, Mingfei and Shi, Elaine and Xu, Wenchang},
    number = {22178970},
    pages = {140--159},
    volume = {7384 LNCS},
    isbn = {9783642316791},
    doi = {10.1007/978-3-642-31680-7{\_}8},
    issn = {03029743}
}

@article{Francis,
    title = {{Diffix: High-Utility Database Anonymization}},
    author = {Francis, Paul and Eide, Sebastian Probst and Munz, Reinhard},
    url = {https://people.mpi-sws.org/~francis/apf17.pdf},
    keywords = {Analytics, Anonymity, Database, Privacy}
}

@article{Golle2004,
    title = {{Dining Cryptographers Revisited}},
    year = {2004},
    journal = {Advances in Cryptology - EUROCRYPT 2004},
    author = {Golle, Philippe and Golle, Philippe and Juels, Ari and Juels, Ari},
    pages = {456--473},
    isbn = {978-3-540-21935-4},
    doi = {10.1007/b97182},
    issn = {03029743},
    keywords = {anonymity, dining cryptographers, mix network, non-interactive}
}

@article{Hsu2012,
    title = {{Distributed private heavy hitters}},
    year = {2012},
    journal = {Lecture Notes in Computer Science (including subseries Lecture Notes in Artificial Intelligence and Lecture Notes in Bioinformatics)},
    author = {Hsu, Justin and Khanna, Sanjeev and Roth, Aaron},
    number = {PART 1},
    pages = {461--472},
    volume = {7391 LNCS},
    isbn = {9783642315930},
    doi = {10.1007/978-3-642-31594-7{\_}39},
    issn = {03029743},
    arxivId = {1202.4910}
}

@article{Li2014,
    title = {{Efficient multi-keyword ranked query over encrypted data in cloud computing}},
    year = {2014},
    journal = {Future Generation Computer Systems},
    author = {Li, Ruixuan and Xu, Zhiyong and Kang, Wanshang and Yow, Kin Choong and Xu, Cheng Zhong},
    number = {1},
    pages = {179--190},
    volume = {30},
    isbn = {9780769549033},
    doi = {10.1016/j.future.2013.06.029},
    issn = {0167739X},
    keywords = {Cloud computing, Data encryption, Multi-keyword query, Privacy preserving, Ranked query, Top-k query}
}

@article{Klnc,
    title = {{Efficiently Making Secure Two-Party Computation Fair}},
    author = {Kln{\c{c}}, Handan and K{\"{u}}p{\c{c}}{\"{u}}, Alptekin}
}

@article{Grofig2014,
    title = {{Experiences and observations on the industrial implementation of a system to search over outsourced encrypted data}},
    year = {2014},
    journal = {Sicherheit},
    author = {Grofig, Patrick and Haerterich, Martin and Hang, Isabelle and Kerschbaum, Florian and Kohler, Mathias and Schaad, Andreas and Schroepfer, Axel and Tighzert, Walter},
    pages = {115--125},
    isbn = {9783885796220},
    issn = {16175468}
}

@article{Bodei2002,
    title = {{Flow logic for Dolev-Yao secrecy in cryptographic processes}},
    year = {2002},
    journal = {Future Generation Computer Systems},
    author = {Bodei, C. and Degano, P. and Nielson, F. and Riis Nielson, H.},
    number = {6},
    pages = {747--756},
    volume = {18},
    doi = {10.1016/S0167-739X(02)00047-X},
    issn = {0167739X},
    keywords = {Cryptographic process calculi, Secrecy, Security, Static analysis}
}

@inproceedings{TPMCCS11,
    title = {{Formal analysis of protocols based on TPM state registers}},
    year = {2011},
    booktitle = {Proceedings - IEEE Computer Security Foundations Symposium},
    author = {Delaune, Stéphanie and Kremer, Steve and Ryan, Mark D and Steel, Graham},
    pages = {66--80},
    url = {https://www.computer.org/csdl/proceedings/csf/2011/644/00/05992155.pdf},
    isbn = {9780769543659},
    doi = {10.1109/CSF.2011.12},
    issn = {19401434},
    keywords = {TPM, formal verification}
}

@article{BasinFormalProtocols,
    title = {{Formal Reasoning about Physical Properties of Security Protocols}},
    year = {2011},
    journal = {ACM Transactions on Information and System Security},
    author = {Basin, David and Capkun, Srdjan and Schaller, Patrick and SCHMIDT ETH Zurich, Benedikt},
    number = {2},
    pages = {1--28},
    volume = {14},
    url = {https://www.inf.ethz.ch/personal/basin/pubs/tissec11.pdf},
    keywords = {C22 [Computer-Communication Networks]: Network Pro, formal models, wireless networks Additional Key Words and Phrases}
}

@techreport{Donenfeld,
    title = {{Formal verification of the WireGuard protocol}},
    year = {2017},
    author = {Donenfeld, Jason A. and Milner, Kevin},
    url = {https://www.wireguard.com/papers/wireguard-formal-verification.pdf},
    institution = {Technical Report}
}

@book{Goldreich2003,
    title = {{Foundations of cryptography, Vol 2}},
    year = {2003},
    author = {Goldreich, Oded.},
    publisher = {Cambridge University Press},
    isbn = {0521830842}
}

@article{Beunardeau2016,
    title = {{Fully Homomorphic Encryption: Computations with a Blindfold}},
    year = {2016},
    journal = {IEEE Security and Privacy},
    author = {Beunardeau, Marc and Connolly, Aisling and G??raud, R??mi and Naccache, David},
    number = {1},
    volume = {14},
    isbn = {1540-7993 VO - 14},
    doi = {10.1109/MSP.2016.8},
    issn = {15584046}
}

@article{Agrawal,
    title = {{Function Private Functional Encryption and Property Preserving Encryption : New Definitions and Positive Results}},
    author = {Agrawal, Shashank and Agrawal, Shweta and Badrinarayanan, Saikrishna and Kumarasubramanian, Abishek and Prabhakaran, Manoj and Sahai, Amit},
    url = {http://www.cse.iitd.ac.in/~shweta/papers/RelaxSim.pdf}
}

@article{Popa2015,
    title = {{Guidelines for Using the CryptDB System Securely Encryption schemes in CryptDB}},
    year = {2015},
    journal = {Eprint.Iacr.Org},
    author = {Popa, Raluca Ada and Zeldovich, Nickolai},
    pages = {1--7},
    volume = {2015}
}

@article{Shamir1979,
    title = {{How To Share a Secret}},
    year = {1979},
    journal = {Communications of the ACM (CACM)},
    author = {Shamir, Adi},
    number = {1},
    pages = {612--613},
    volume = {22},
    url = {http://doi.acm.org/10.1145/359168.359176},
    isbn = {9783642153273},
    doi = {http://doi.acm.org/10.1145/359168.359176},
    issn = {0001-0782},
    keywords = {and phrases, cryptography, key manage-}
}

@article{Acs2011,
    title = {{I have a {\{}DREAM{\}}!(DiffeRentially PrivatE smart Metering)}},
    year = {2011},
    journal = {The 13th Information Hiding Conference (IH)},
    author = {Acs, G and Castelluccia, C},
    pages = {118--132},
    isbn = {978-3-642-24177-2},
    doi = {10.1007/978-3-642-24178-9.pdf}
}

@inproceedings{ChenIdentityPairings,
    title = {{Identity based authenticated key agreement protocols from pairings}},
    year = {2003},
    booktitle = {Proceedings of the Computer Security Foundations Workshop},
    author = {Chen, L. and Kudla, C.},
    pages = {219--233},
    volume = {2003-Janua},
    publisher = {IEEE Comput. Soc},
    url = {http://ieeexplore.ieee.org/document/1212715/},
    isbn = {076951927X},
    doi = {10.1109/CSFW.2003.1212715},
    issn = {10636900},
    keywords = {Authentication, Computer Society, Computer security, Conferences, Force control, Information security, Laboratories, Protocols, Resilience}
}

@inproceedings{SchmidtImpossibilityEstablishment,
    title = {{Impossibility results for secret establishment}},
    year = {2010},
    booktitle = {Proceedings - IEEE Computer Security Foundations Symposium},
    author = {Schmidt, Benedikt and Schaller, Patrick and Basin, David},
    pages = {261--273},
    url = {http://www-oldurls.inf.ethz.ch/personal/basin/pubs/schmidt10.pdf},
    isbn = {9780769540825},
    doi = {10.1109/CSF.2010.25},
    issn = {19401434}
}

@inproceedings{InfrenceAttacks,
    title = {{Inference Attacks on Property-Preserving Encrypted Databases}},
    year = {2015},
    booktitle = {Proceedings of the 22nd ACM SIGSAC Conference on Computer and Communications Security},
    author = {Naveed, Muhammad and Kamara, Seny and Wright, Charles V},
    pages = {644--655},
    publisher = {ACM},
    url = {http://dx.doi.org/10.1145/2810103.2813651},
    isbn = {9781450338325},
    doi = {10.1145/2810103.2813651},
    keywords = {Experimentation Keywords inference attacks, H27 [Database Management]: Database Administra-tio, K65 [Management of Computing and Information Syste, and protection, deterministic encryption, encrypted databases, integrity, order-preserving en-cryption, property-preserving encryption}
}

@inproceedings{Roscoe96,
    title = {{Intensional specifications of security protocols}},
    year = {1996},
    booktitle = {Proceedings 9th IEEE Computer Security Foundations Workshop},
    author = {Roscoe, A.W.},
    pages = {28--38},
    publisher = {IEEE},
    url = {http://www.cs.ox.ac.uk/people/bill.roscoe/publications/61.ps},
    doi = {10.1109/csfw.1996.503688}
}

@article{Smith,
    title = {{Is Interaction Necessary for Distributed Private Learning?}},
    author = {Smith, Adam and Thakurta, Abhradeep and Upadhyay, Jalaj},
    url = {https://www.ieee-security.org/TC/SP2017/papers/373.pdf},
    keywords = {-Differential privacy, convex optimization, local differential privacy, oracle complexity}
}

@book{ISO11889,
    title = {{ISO/IEC PAS DIS 11889: Information technology – Security techniques – Trusted Platform Module.}},
    year = {2015},
    author = {{ISO/IEC JTC}},
    publisher = {ISO}
}

@book{ANSIX963,
    title = {{Key Agreement and Key Transport Using Elliptic Curve Cryptography}},
    year = {2001},
    author = {{ANSI X9.63}},
    publisher = {American National Standards Institute}
}

@article{CashLeackageAbuse,
    title = {{Leakage-Abuse Attacks Against Searchable Encryption}},
    year = {2015},
    journal = {Proceedings of the 22nd ACM SIGSAC Conference on Computer and Communications Security},
    author = {Cash, David and Grubbs, Paul and Perry, Jason and Ristenpart, Thomas},
    pages = {668--679},
    url = {http://dx.doi.org/10.1145/2810103.2813700.},
    isbn = {9781450338325},
    doi = {10.1145/2810103.2813700},
    keywords = {Searchable encryption, leakage}
}

@inproceedings{Basin2009LetsProtocols,
    title = {{Let's get physical: Models and methods for real-world security protocols}},
    year = {2009},
    booktitle = {Lecture Notes in Computer Science (including subseries Lecture Notes in Artificial Intelligence and Lecture Notes in Bioinformatics)},
    author = {Basin, David and Capkun, Srdjan and Schaller, Patrick and Schmidt, Benedikt},
    pages = {1--22},
    volume = {5674 LNCS},
    publisher = {Springer, Berlin, Heidelberg},
    isbn = {364203358X},
    doi = {10.1007/978-3-642-03359-9{\_}1},
    issn = {03029743}
}

@article{Li,
    title = {{LogicScope: Automatic Discovery of Logic Vulnerabilities within Web Applications}},
    author = {Li, Xiaowei and Xue, Yuan}
}

@article{McSherry2007,
    title = {{Mechanism Design via Differential Privacy}},
    year = {2007},
    journal = {48th Annual IEEE Symposium on Foundations of Computer Science (FOCS'07)},
    author = {McSherry, Frank and Talwar, Kunal},
    pages = {94--103},
    url = {http://ieeexplore.ieee.org/document/4389483/},
    isbn = {0-7695-3010-9},
    doi = {10.1109/FOCS.2007.66},
    issn = {0272-5428}
}

@inproceedings{SchallerModelingNetworks,
    title = {{Modeling and Verifying Physical Properties of Security Protocols for Wireless Networks}},
    year = {2012},
    booktitle = {Technical report / ETH Z{\"{u}}rich, Department of Computer Science},
    author = {Schaller, Patrick and Schmidt, Benedikt and Basin, David and Capkun, Srdjan},
    url = {https://doi.org/10.3929/ethz-a-006821912 http://ieeexplore.ieee.org/document/5230621/},
    isbn = {978-0-7695-3712-2},
    doi = {10.3929/ethz-a-006821912},
    issn = {19401434}
}

@misc{Oracle2016,
    title = {{mysqlslap - Load Emulation Client}},
    year = {2016},
    author = {{Oracle}},
    url = {http://dev.mysql.com/doc/refman/5.7/en/mysqlslap.html}
}

@article{Poess2000,
    title = {{New TPC benchmarks for decision support and web commerce}},
    year = {2000},
    journal = {ACM Sigmod Record},
    author = {Poess, Meikel and Floyd, Chris},
    number = {4},
    pages = {64--71},
    volume = {29},
    publisher = {ACM}
}

@article{Akkus2012,
    title = {{Non-tracking web analytics}},
    year = {2012},
    journal = {Proceedings of the 2012 ACM conference on Computer and communications security - CCS '12},
    author = {Akkus, Istemi Ekin and Chen, Ruichuan and Hardt, Michaela and Francis, Paul and Gehrke, Johannes},
    pages = {687},
    url = {http://dl.acm.org/citation.cfm?doid=2382196.2382268},
    isbn = {9781450316514},
    doi = {10.1145/2382196.2382268},
    issn = {15437221},
    keywords = {differential privacy, tracking, web analytics}
}

@article{Dwork2009,
    title = {{On the Complexity of Differentially Private Data Release}},
    year = {2009},
    journal = {Stoc'09},
    author = {Dwork, Cynthia and Reingold, Omer and Vadhan, Salil and Rothblum, Guy N.},
    isbn = {9781605585062}
}

@article{Kolesnikov2012,
    title = {{On The Limits of Privacy Provided by Order-Preserving Encryption}},
    year = {2012},
    journal = {Bell Labs Technical Journal},
    author = {Kolesnikov, Vladimir and Shikfa, Abdullatif},
    number = {3},
    pages = {135--146},
    volume = {17},
    publisher = {Wiley Online Library}
}

@article{Dolev1983,
    title = {{On the security of public key protocols}},
    year = {1983},
    journal = {IEEE Transactions on Information Theory},
    author = {Dolev, D. and Yao, A.},
    number = {2},
    month = {3},
    pages = {198--208},
    volume = {29},
    url = {http://ieeexplore.ieee.org/document/1056650/},
    doi = {10.1109/TIT.1983.1056650},
    issn = {0018-9448}
}

@inproceedings{Huang2008,
    title = {{OptRR: Optimizing randomized response schemes for privacy-preserving data mining}},
    year = {2008},
    booktitle = {Proceedings - International Conference on Data Engineering},
    author = {Huang, Zhengli and Du, Wenliang},
    pages = {705--714},
    isbn = {9781424418374},
    doi = {10.1109/ICDE.2008.4497479},
    issn = {10844627}
}

@inproceedings{Agrawal2004,
    title = {{Order preserving encryption for numeric data}},
    year = {2004},
    booktitle = {Proceedings of the 2004 ACM SIGMOD international conference on Management of data},
    author = {Agrawal, Rakesh and Kiernan, Jerry and Srikant, Ramakrishnan and Xu, Yirong},
    pages = {563--574}
}

@inproceedings{Boldyreva2009,
    title = {{Order-Preserving Symmetric Encryption}},
    year = {2009},
    booktitle = {Proceedings of the 28th Annual International Conference on Advances in Cryptology: The Theory and Applications of Cryptographic Techniques},
    author = {Boldyreva, Alexandra and Chenette, Nathan and Lee, Younho and O'Neill, Adam},
    pages = {224--241},
    url = {http://dx.doi.org/10.1007/978-3-642-01001-9_13},
    isbn = {978-3-642-01000-2},
    doi = {10.1007/978-3-642-01001-9{\_}13}
}

@article{Arab,
    title = {{Origins of Cryptology: The Arab contributions}},
    year = {1992},
    journal = {Cryptologica},
    author = {Al-Kadit, Ibrahim A},
    number = {2},
    pages = {97--126},
    volume = {16},
    url = {http://www.tandfonline.com/loi/ucry20},
    doi = {10.1080/0161-119291866801}
}

@article{Dwork2006,
    title = {{Our Data, Ourselves: Privacy Via Distributed Noise Generation}},
    year = {2006},
    journal = {Proceedings of EUROCRYPT'06},
    author = {Dwork, Cynthia and Kenthapadi, Krishnaram and McSherry, Frank and Mironov, Ilya and Naor, Moni},
    pages = {486--503},
    volume = {4004},
    isbn = {9783540345473},
    doi = {10.1007/11761679{\_}29}
}

@inproceedings{Bonawitz,
    title = {{Practical Secure Aggregation for Privacy-Preserving Machine Learning}},
    year = {2017},
    booktitle = {Proceedings of the 2017 ACM SIGSAC Conference on Computer and Communications Security - CCS '17},
    author = {Bonawitz, Keith and Ivanov, Vladimir and Kreuter, Ben and Marcedone, Antonio and McMahan, H. Brendan and Patel, Sarvar and Ramage, Daniel and Segal, Aaron and Seth, Karn},
    pages = {1175--1191},
    url = {https://eprint.iacr.org/2017/281.pdf http://dl.acm.org/citation.cfm?doid=3133956.3133982},
    isbn = {9781450349468},
    doi = {10.1145/3133956.3133982},
    issn = {15437221},
    arxivId = {1611.04482}
}

@inproceedings{Song2000,
    title = {{Practical techniques for searches on encrypted data}},
    year = {2000},
    booktitle = {Security and Privacy, 2000. S{\&}P 2000. Proceedings. 2000 IEEE Symposium on},
    author = {Song, Dawn Xiaoding and Wagner, David and Perrig, Adrian},
    pages = {44--55}
}

@article{Bellovin,
    title = {{Privacy-Enhanced Searches Using Encrypted Bloom Filters}},
    author = {Bellovin, Steven M and Cheswick, William R},
    url = {https://pdfs.semanticscholar.org/7687/853cc3373a7b112a2ee2229f62255da705d1.pdf}
}

@misc{Kissner2005,
    title = {{Privacy-Preserving Set Operations}},
    year = {2005},
    booktitle = {Advances in Cryptology – CRYPTO 2005.},
    author = {Kissner, Lea and Song, Dawn},
    url = {http://repository.cmu.edu/ece},
    doi = {10.1007/11535218{\_}15}
}

@inproceedings{Pandey2012,
    title = {{Property Preserving Symmetric Encryption}},
    year = {2012},
    booktitle = {Proceedings of the 31st Annual international conference on Theory and Applications of Cryptographic Techniques},
    author = {Pandey, Omkant and Rouselakis, Yannis},
    pages = {375--391},
    publisher = {Springer-Verlag},
    url = {https://www.iacr.org/archive/eurocrypt2012/72370369/72370369.pdf}
}

@article{Meyer2012,
    title = {{Protecting confidentiality in a data enclave}},
    year = {2012},
    journal = {Statistical Journal of the IAOS},
    author = {Meyer, Peter S. and Robinson, E. Stephanie and Madans, Jennifer},
    number = {1-2},
    pages = {25--30},
    volume = {28},
    doi = {10.3233/SJI-2012-0745},
    issn = {18747655},
    keywords = {Confidentiality, data enclaves, disclosure}
}

@article{Yao,
    title = {{Protocols for Secure Computations}},
    author = {Yao, Andrew C},
    url = {https://crysp.uwaterloo.ca/courses/pet/W11/cache/www.cs.wisc.edu/areas/sec/yao1982-ocr.pdf}
}

@inproceedings{Paillier1999,
    title = {{Public-key cryptosystems based on composite degree residuosity classes}},
    year = {1999},
    booktitle = {International Conference on the Theory and Applications of Cryptographic Techniques},
    author = {Paillier, Pascal},
    pages = {223--238}
}

@article{Michel2011,
    title = {{Quantitative analysis of culture using millions of digitized books.}},
    year = {2011},
    journal = {Science (New York, N.Y.)},
    author = {Michel, Jean-Baptiste and Shen, Yuan Kui and Aiden, Aviva Presser and Veres, Adrian and Gray, Matthew K and Google Books Team, The Google Books and Pickett, Joseph P and Hoiberg, Dale and Clancy, Dan and Norvig, Peter and Orwant, Jon and Pinker, Steven and Nowak, Martin A and Aiden, Erez Lieberman},
    number = {6014},
    month = {1},
    pages = {176--82},
    volume = {331},
    publisher = {NIH Public Access},
    url = {http://www.ncbi.nlm.nih.gov/pubmed/21163965 http://www.pubmedcentral.nih.gov/articlerender.fcgi?artid=PMC3279742},
    doi = {10.1126/science.1199644},
    issn = {1095-9203},
    pmid = {21163965}
}

@article{Erlingsson2014,
    title = {{RAPPOR: Randomized Aggregatable Privacy-Preserving Ordinal Response}},
    year = {2014},
    journal = {dl.acm.org},
    author = {Erlingsson, Úlfar and Pihur, Vasyl and Korolova, Aleksandra},
    url = {http://dl.acm.org/citation.cfm?id=2660348 http://arxiv.org/abs/1407.6981%0Ahttp://dx.doi.org/10.1145/2660267.2660348},
    isbn = {9781450329576},
    doi = {10.1145/2660267.2660348},
    issn = {15437221},
    arxivId = {1407.6981}
}

@book{SP80056A,
    title = {{Recommendation for Pair-Wise Key Establishment Schemes Using Discrete Logarithm Cryptography (Revised)}},
    year = {2007},
    author = {{SP 800-56A}},
    publisher = {National Institute of Standards and Technology}
}

@inproceedings{Chatterjee2009ReusingProtocols,
    title = {{Reusing Static Keys In Key Agreement Protocols}},
    year = {2009},
    booktitle = {International Conference on Cryptology in India},
    author = {Chatterjee, Sanjit and Menezes, Alfred and Ustaoglu, Berkant},
    pages = {39--56}
}

@article{Dinur2003,
    title = {{Revealing information while preserving privacy}},
    year = {2003},
    journal = {Proceedings of the twenty-second ACM SIGMOD-SIGACT-SIGART symposium on Principles of database systems  - PODS '03},
    author = {Dinur, Irit and Nissim, Kobbi},
    pages = {202--210},
    url = {http://portal.acm.org/citation.cfm?doid=773153.773173},
    isbn = {1581136706},
    doi = {10.1145/773153.773173}
}

@inproceedings{Mazare2005,
    title = {{Satisfiability of Dolev-Yao constraints}},
    year = {2005},
    booktitle = {Electronic Notes in Theoretical Computer Science},
    author = {Mazar{\'{e}}, Laurent},
    number = {1},
    pages = {109--124},
    volume = {125},
    doi = {10.1016/j.entcs.2004.05.022},
    issn = {15710661},
    keywords = {Dolev-Yao Constraints, Formal Verification, Opacity, Rewriting Systems, Security}
}

@article{Halevi2011,
    title = {{Secure Computation on the Web :}},
    year = {2011},
    journal = {Science},
    author = {Halevi, Shai and Lindell, Yehuda and Pinkas, Benny},
    number = {860},
    pages = {132--150}
}

@article{Schindler2016,
    title = {{Secure Parallel Processing of Big Data Using Order-Preserving Encryption on Google BigQuery}},
    year = {2016},
    journal = {arXiv preprint arXiv:1608.07981},
    author = {Schindler, Timo and Skornia, Christoph}
}

@article{Deepa2016,
    title = {{Securing web applications from injection and logic vulnerabilities: Approaches and challenges}},
    year = {2016},
    journal = {Information and Software Technology},
    author = {Deepa, G and Santhi Thilagam, P},
    pages = {160--180},
    volume = {74},
    doi = {10.1016/j.infsof.2016.02.005},
    keywords = {Application logic vulnerabilities, Business logic vulnerabilities, Cross-site scripting, Injection flaws, SQL injection, Web application security}
}

@techreport{3GPP5G,
    title = {{Security architecture and procedures for 5G systems. TS 33.501, v15.1.0}},
    year = {2018},
    author = {{3GPP}},
    institution = {3GPP}
}

@article{Yang2017,
    title = {{Semi-order preserving encryption}},
    year = {2017},
    journal = {Information Sciences},
    author = {Yang, Ce and Zhang, Weiming and Yu, Nenghai},
    pages = {266--279},
    volume = {387},
    doi = {10.1016/j.ins.2016.12.025},
    issn = {00200255},
    keywords = {Order preserving encryption, Semi-order preserving encryption}
}

@inproceedings{SOK2017,
    title = {{SoK: Cryptographically Protected Database Search}},
    year = {2017},
    booktitle = {2017 IEEE Symposium on Security and Privacy (SP)},
    author = {Fuller, Benjamin and Varia, Mayank and Yerukhimovich, Arkady and Shen, Emily and Hamlin, Ariel and Gadepally, Vijay and Shay, Richard and Mitchell, John Darby and Cunningham, Robert K.},
    month = {5},
    pages = {172--191},
    publisher = {IEEE},
    url = {http://ieeexplore.ieee.org/document/7958577/},
    isbn = {978-1-5090-5533-3},
    doi = {10.1109/SP.2017.10}
}

@inproceedings{Backes2006,
    title = {{Soundness Limits of Dolev-Yao Models}},
    year = {2006},
    booktitle = {Workshop on Formal and Computational Cryptography (FCC 2006)},
    author = {Backes, Michael and Pfitzmann, Birgit and Waidner, Michael and Soundness, Michael Waidner},
    url = {https://hal.inria.fr/inria-00080678/document http://hal.inria.fr/inria-00080678/en/}
}

@article{Bloom,
    title = {{Space/Time Trade-offs in Hash Coding with Allowable Errors}},
    author = {Bloom, Burton H},
    url = {http://crystal.uta.edu/~mcguigan/cse6350/papers/Bloom.pdf}
}

@inproceedings{FeldhoferRFIDAES04,
    title = {{Strong Authentication for RFID Systems Using the AES Algorithm}},
    year = {2004},
    booktitle = {International Workshop on Cryptographic Hardware and Embedded Systems},
    author = {Feldhofer, Martin and Dominikus, Sandra and Wolkerstorfer, Johannes},
    pages = {357--370},
    isbn = {978-3-540-22666-6},
    doi = {10.1007/978-3-540-28632-5{\_}26},
    issn = {0302-9743}
}

@article{LamacchiaStrongerExchange,
    title = {{Stronger Security of Authenticated Key Exchange}},
    year = {2007},
    journal = {ProvSec 2007: Provable Security},
    author = {LaMacchia, Brian and Lauter, Kristin and Mityagin, Anton},
    pages = {1--16},
    volume = {4784},
    isbn = {978-3-540-75669-9},
    doi = {10.1007/978-3-540-75670-5},
    issn = {03029743}
}

@article{Ebri2011,
    title = {{Study on Secret Sharing Schemes (SSS) and their applications}},
    year = {2011},
    journal = {2011 International Conference for Internet Technology and Secured Transactions},
    author = {Ebri, Noura Al and Baek, Joonsang and Yeun, Chan Yeob},
    number = {December},
    pages = {40--45},
    isbn = {978-1-4577-0884-8},
    keywords = {Blakley SSS, SSS applications, Secret splitting, Shamir SSS, Threshold schemes, Verfiable SSS}
}

@article{Bird93,
    title = {{Systematic Design of a Family of Attack-Resistant Authentication Protocols}},
    year = {1993},
    journal = {IEEE Journal on Selected Areas in Communications},
    author = {Bird, Ray and Gopal, I. and Herzberg, Amir and Kutten, Shay and Yung, Moti and Janson, Philippe A. and Molva, Refik},
    number = {5},
    month = {6},
    pages = {679--693},
    volume = {11},
    url = {http://ieeexplore.ieee.org/document/223869/},
    doi = {10.1109/49.223869},
    issn = {07338716}
}

@misc{Igure2008,
    title = {{Taxonomies of attacks and vulnerabilities in computer systems}},
    year = {2008},
    booktitle = {IEEE Communications Surveys and Tutorials},
    author = {Igure, Vinay M. and Williams, Ronald D.},
    number = {1},
    pages = {6--19},
    volume = {10},
    url = {http://ants.iis.sinica.edu.tw/3bkmj9ltewxtsrrvnoknfdxrm3zfwrr/17/04483667.pdf},
    isbn = {1553-877X VO - 10},
    doi = {10.1109/COMST.2008.4483667},
    issn = {1553877X}
}

@article{Dwork2013,
    title = {{The Algorithmic Foundations of Differential Privacy}},
    year = {2013},
    journal = {Foundations and Trends{\textregistered} in Theoretical Computer Science},
    author = {Dwork, Cynthia and Roth, Aaron},
    number = {3-4},
    pages = {211--407},
    volume = {9},
    url = {http://www.nowpublishers.com/articles/foundations-and-trends-in-theoretical-computer-science/TCS-042},
    isbn = {9781601988188},
    doi = {10.1561/0400000042},
    issn = {1551-305X},
    pmid = {21455981}
}

@article{Dolev1982,
    title = {{The Byzantine generals strike again}},
    year = {1982},
    journal = {Journal of Algorithims},
    author = {Dolev, Danny},
    number = {1},
    pages = {14--30},
    volume = {3},
    url = {https://www.cs.huji.ac.il/~dolev/pubs/byz-strike-again.pdf}
}

@article{Chaum1988,
    title = {{The dining cryptographers problem: Unconditional sender and recipient untraceability}},
    year = {1988},
    journal = {Journal of Cryptology},
    author = {Chaum, David},
    number = {1},
    pages = {65--75},
    volume = {1},
    isbn = {0933-2790},
    doi = {10.1007/BF00206326},
    issn = {09332790},
    keywords = {Pseudonymity, Unconditional Security, Untraceability}
}

@article{Cervesato2001,
    title = {{The Dolev-Yao intruder is the most powerful attacker}},
    year = {2001},
    journal = {Lics},
    author = {Cervesato, Iliano},
    pages = {5--6},
    volume = {1}
}

@inproceedings{Heartbleed2014,
    title = {{The Matter of Heartbleed}},
    year = {2014},
    booktitle = {Proceedings of the 2014 Conference on Internet Measurement Conference - IMC '14},
    author = {Beekman, Jethro and Durumeric, Zakir and Amann, Johanna and Li, Frank and Adrian, David and Payer, Mathias and Bailey, Michael and Paxson, Vern and Weaver, Nicolas and Halderman, J. Alex and Kasten, James},
    pages = {475--488},
    publisher = {ACM Press},
    url = {http://dl.acm.org/citation.cfm?doid=2663716.2663755},
    address = {New York, New York, USA},
    isbn = {9781450332132},
    doi = {10.1145/2663716.2663755},
    keywords = {heartbleed, internet-wide scanning, openssl, security}
}

@misc{Meier2013,
    title = {{The TAMARIN Prover for the Symbolic Analysis of Security Protocols}},
    year = {2013},
    booktitle = {International Conference on},
    author = {Meier, Simon and Schmidt, Benedikt and Cremers, Cas and Basin, David},
    url = {http://www-oldurls.inf.ethz.ch/personal/basin/pubs/cav13.pdf}
}

@misc{TamarinGithub,
    title = {{The Tamarin prover repository}},
    url = {https://github.com/tamarin-prover/tamarin-prover}
}

@book{Wang2008,
    title = {{Theory and Applications of Models of Computation}},
    year = {2008},
    author = {Wang, Jianxin and Hutchison, David},
    number = {April},
    volume = {4978},
    isbn = {978-3-540-79227-7},
    doi = {10.1007/978-3-540-79228-4},
    issn = {03029743},
    arxivId = {arXiv:cond-mat/9912410v1},
    archivePrefix = {arXiv},
    eprint = {9912410v1},
    primaryClass = {cond-mat}
}

@article{IlkerNadiBozkurt2008,
    title = {{Threshold Cryptography Based on Blakely Secret Sharing}},
    year = {2008},
    journal = {Information Sciences},
    author = {{Ilker Nadi Bozkurt} and Kaya, Kamer and Sel{\c{c}}uk, Ali Aydin and G{\"{u}}loglu, Ahmet M.},
    url = {https://pdfs.semanticscholar.org/138d/a00eff9b7293d39a5e6717774bcd0398cede.pdf},
    keywords = {Blakley secret sharing, Index Terms—threshold cryptography, RSA, function sharing}
}

@techreport{Kocher96,
    title = {{Timing Attacks on Implement at ions of}},
    year = {1996},
    booktitle = {Advances in Cryptology - CRYPTO'96},
    author = {Kocher, Paul C},
    pages = {104--113},
    institution = {Springer-Verlag},
    keywords = {cryptaiialysis, diffie-hellman, dss, g attack, rsa, t h i n}
}

@article{Manolescu2006,
    title = {{Towards micro-benchmarking XQuery}},
    year = {2006},
    journal = {ExpDB},
    author = {Manolescu, Ioana and Michiels, Philippe},
    url = {http://win.ua.ac.be/~adrem/bibrem/pubs/manolescu-expdb.pdf}
}

@article{Johnson2017,
    title = {{Towards Practical Differential Privacy for SQL Queries}},
    year = {2017},
    author = {Johnson, Noah and Near, Joseph P. and Song, Dawn},
    pages = {526--539},
    url = {http://arxiv.org/abs/1706.09479},
    arxivId = {1706.09479}
}

@article{Chen2012,
    title = {{Towards Statistical Queries over Distributed Private User Data}},
    year = {2012},
    journal = {NSDI'12 Proceedings of the 9th USENIX conference on Networked Systems Design and Implementation},
    author = {Chen, Ruichuan and Reznichenko, Alexey and Francis, Paul and Gehrke, Johannes},
    pages = {13},
    isbn = {978-931971-92-8}
}

@article{Needham1978,
    title = {{Using Encryption for Authentication in Large Networks of Computers}},
    year = {1978},
    journal = { Communications of the ACM},
    author = {Needham, Robert M. and Schroeder, Michael D},
    number = {12},
    pages = {993--999},
    volume = {21},
    url = {http://zoo.cs.yale.edu/classes/cs422/2013/bib/needham78using.pdf},
    keywords = {381, 431, 435, and Phrases, authentication, data encryption standard CR Categories, encryption, networks, protocols, public-key cryptosystems, security}
}

@article{Chor1985,
    title = {{Verifiable secret sharing and achieving simultaneity in the presence of faults}},
    year = {1985},
    journal = {26th Annual Symposium on Foundations of Computer Science (sfcs 1985)},
    author = {Chor, Benny and Goldwasser, Shafi and Micali, Silvio and Awerbuch, Baruch},
    number = {1},
    pages = {383--395},
    url = {http://ieeexplore.ieee.org/document/4568164/},
    isbn = {0-8186-0644-4},
    doi = {10.1109/SFCS.1985.64},
    issn = {0272-5428}
}

@inproceedings{Grubbs2017,
    title = {{Why Your Encrypted Database Is Not Secure}},
    year = {2017},
    booktitle = {Proceedings of the 16th Workshop on Hot Topics in Operating Systems. ACM, 2017.},
    author = {Grubbs, Paul and Ristenpart, Thomas and Shmatikov, Vitaly},
    pages = {162--168},
    publisher = {ACM},
    url = {https://doi.org/10.1145/3102980.3103007},
    isbn = {978-1-4503-5068-6},
    doi = {10.1145/3102980.3103007}
}

@incollection{Joux2000AHellmann,
    title = {{A tripartite Diffie Hellmann}},
    year = {2000},
    booktitle = {Algorithmic Number Theory},
    author = {Joux, Antoine},
    pages = {385--393},
    volume = {1838},
    publisher = {Springer, Berlin, Heidelberg},
    isbn = {978-3-540-67695-9},
    doi = {10.1007/10722028{\_}23}
}

@article{Ryu2004AnPairings,
    title = {{An Efficient ID-Based Authenticated Key Agreement Protocol from Pairings}},
    year = {2004},
    journal = {Springer},
    author = {Ryu, Eun-Kyung and Yoon, Eun-Jun and Yoo, Kee-Young},
    pages = {1458--1463},
    volume = {3042}
}

@inproceedings{Schmidt2012AutomatedProperties,
    title = {{Automated Analysis of Diffie-Hellman Protocols and Advanced Security Properties}},
    year = {2012},
    booktitle = {2012 IEEE 25th Computer Security Foundations Symposium},
    author = {Schmidt, Benedikt and Meier, Simon and Cremers, Cas and Basin, David},
    url = {https://www.cs.ox.ac.uk/people/cas.cremers/downloads/papers/ScMeCrBa2012-tamarin.pdf},
    doi = {10.1109/CSF.2012.25}
}

@article{BasinAutomatedEquivalence,
    title = {{Automated Symbolic Proofs of Observational Equivalence}},
    author = {Basin, David and Dreier, Jannik and Sasse, Ralf},
    url = {https://people.inf.ethz.ch/rsasse/pub/ASPObsEq_full.pdf},
    keywords = {Formal meth-ods, K44 [Electronic Commerce], Security General Terms Security, Verification Keywords Protocol verification, observational equivalence, symbolic model}
}

@inproceedings{Cremers2012DistanceProtocols,
    title = {{Distance Hijacking Attacks on Distance Bounding Protocols}},
    year = {2012},
    booktitle = {2012 IEEE Symposium on Security and Privacy},
    author = {Cremers, Cas and Rasmussen, Kasper B. and Schmidt, Benedikt and Capkun, Srdjan},
    month = {5},
    pages = {113--127},
    publisher = {IEEE},
    url = {http://ieeexplore.ieee.org/document/6234408/},
    isbn = {978-1-4673-1244-8},
    doi = {10.1109/SP.2012.17}
}

@phdthesis{Schmidt2012FormalProtocols,
    title = {{Formal analysis of key exchange protocols and physical protocols}},
    year = {2012},
    author = {Schmidt, Benedikt},
    number = {20856},
    volume = {Ph.D},
    school = {ETH Zurich},
    doi = {10.3929/ethz-a-009898924}
}

@inproceedings{Kerschbaum2015Frequency-HidingEncryption,
    title = {{Frequency-Hiding Order-Preserving Encryption}},
    year = {2015},
    booktitle = {Proceedings of the 22nd ACM SIGSAC Conference on Computer and Communications Security - CCS '15},
    author = {Kerschbaum, Florian},
    isbn = {9781450338325},
    doi = {10.1145/2810103.2813629},
    issn = {15437221}
}

@inproceedings{Kellaris2016GenericDatabases,
    title = {{Generic Attacks on Secure Outsourced Databases}},
    year = {2016},
    booktitle = {Proceedings of the 2016 ACM SIGSAC Conference on Computer and Communications Security - CCS'16},
    author = {Kellaris, Georgios and Kollios, George and Nissim, Kobbi and O'Neill, Adam},
    isbn = {9781450341394},
    doi = {10.1145/2976749.2978386},
    issn = {15437221}
}

@inproceedings{Komargodski2018HowInfinitely,
    title = {{How to Share a Secret, Infinitely}},
    year = {2018},
    booktitle = {IEEE Transactions on Information Theory},
    author = {Komargodski, Ilan and Naor, Moni and Yogev, Eylon},
    number = {6},
    volume = {64},
    isbn = {9783662536438},
    doi = {10.1109/TIT.2017.2779121},
    issn = {00189448},
    pmid = {18289284},
    arxivId = {arXiv:1011.1669v3}
}

@misc{IEEEPDF:,
    title = {{IEEE Xplore Full-Text PDF:}},
    url = {https://ieeexplore.ieee.org/stamp/stamp.jsp?tp=&arnumber=7958577}
}

@inproceedings{Lacharite2018ImprovedLeakage,
    title = {{Improved Reconstruction Attacks on Encrypted Data Using Range Query Leakage}},
    year = {2018},
    booktitle = {Proceedings - IEEE Symposium on Security and Privacy},
    author = {Lacharite, Marie Sarah and Minaud, Brice and Paterson, Kenneth G.},
    month = {7},
    pages = {297--314},
    volume = {2018-May},
    publisher = {Institute of Electrical and Electronics Engineers Inc.},
    isbn = {9781538643525},
    doi = {10.1109/SP.2018.00002},
    issn = {10816011},
    keywords = {cryptanalysis, encrypted database, privacy}
}

@inproceedings{Lacharite2018ImprovedLeakageb,
    title = {{Improved Reconstruction Attacks on Encrypted Data Using Range Query Leakage}},
    year = {2018},
    booktitle = {2018 IEEE Symposium on Security and Privacy (SP)},
    author = {Lacharite, Marie-Sarah and Minaud, Brice and Paterson, Kenneth G.},
    month = {5},
    pages = {297--314},
    publisher = {IEEE},
    url = {https://ieeexplore.ieee.org/document/8418610/},
    isbn = {978-1-5386-4353-2},
    doi = {10.1109/SP.2018.00002}
}

@article{Hamm2016LearningData,
    title = {{Learning Privately from Multiparty Data}},
    year = {2016},
    author = {Hamm, Jihun and Cao, Paul and Belkin, Mikhail},
    isbn = {9781510829008},
    arxivId = {1602.03552}
}

@article{Diffie1976NewCryptography,
    title = {{New directions in cryptography}},
    year = {1976},
    journal = {IEEE Transactions on Information Theory},
    author = {Diffie, W. and Hellman, M.},
    number = {6},
    month = {11},
    pages = {644--654},
    volume = {22},
    url = {http://ieeexplore.ieee.org/document/1055638/},
    doi = {10.1109/TIT.1976.1055638},
    issn = {0018-9448}
}

@inproceedings{Islam2011Poster:Protocols,
    title = {{Poster: inference attacks against searchable encryption protocols}},
    year = {2011},
    booktitle = {Proceedings of the 18th ACM conference on Computer and communications security - CCS '11},
    author = {Islam, Mohammad Saiful and Kuzu, Mehmet and Kantarcioglu, Murat},
    pages = {845},
    publisher = {ACM Press},
    url = {http://dl.acm.org/citation.cfm?doid=2046707.2093508},
    address = {New York, New York, USA},
    isbn = {9781450309486},
    doi = {10.1145/2046707.2093508}
}

@techreport{KelseySideCiphers,
    title = {{Side Channel Cryptanalysis of Product Ciphers}},
    author = {Kelsey, John and Schneier, Bruce and Wagner, David and Hall, Chris},
    url = {https://www.schneier.com/academic/paperfiles/paper-side-channel2.pdf},
    keywords = {cryptanalysis, product ciphers, side channels, timing attacks}
}

@techreport{SP800-56A2007SpecialRevised,
    title = {{Special Publication 800-56A, Recommendation for Pair-Wise Key Establishment Schemes Using Discrete Logarithm Cryptography (Revised)}},
    year = {2007},
    author = {{SP 800-56A}},
    institution = {National Institute of Standards and Technology (NIST)}
}

@article{Pouliot2016TheEncryption,
    title = {{The Shadow Nemesis: Inference Attacks on Efficiently Deployable, Efficiently Searchable Encryption}},
    year = {2016},
    journal = {Ccs},
    author = {Pouliot, David},
    isbn = {9781450341394},
    doi = {10.1145/2976749.2978401},
    issn = {15437221}
}

@article{Al-Riyami2003TripartitePairings,
    title = {{Tripartite Authenticated Key Agreement Protocols from Pairings}},
    year = {2003},
    journal = {Cryptography and Coding},
    author = {Al-Riyami, S S and Paterson, Kenneth G},
    pages = {332--359}
}

@inproceedings{Garg2016TWORAM:Encryption,
    title = {{TWORAM: Efficient oblivious RAM in two rounds with applications to searchable encryption}},
    year = {2016},
    booktitle = {Lecture Notes in Computer Science (including subseries Lecture Notes in Artificial Intelligence and Lecture Notes in Bioinformatics)},
    author = {Garg, Sanjam and Mohassel, Payman and Papamanthou, Charalampos},
    isbn = {9783662530146},
    doi = {10.1007/978-3-662-53015-3{\_}20},
    issn = {16113349}
}